@book{
GameTestingAllInOne2005,
title = {Game testing all in one},
author = {Schultz, Charles P.},
editor = {Bryant, Robert},
editor = {Langdell, Tim},
address = {Boston, Mass.},
publisher = {Thomson/Course Technology},
year = {2005},
edition = {1},
pages = {487}
}






